
@misc{tomer2021,
	title = {How renewable energy jobs can uplift fossil fuel communities and remake climate politics},
	author = {Tomer, Adie and Kane, Joseph W. and George, Caroline},
	year = {2021},
	month = {02},
	date = {2021-02-23},
	url = {https://www.brookings.edu/research/how-renewable-energy-jobs-can-uplift-fossil-fuel-communities-and-remake-climate-politics/}
}

@article{lim2023,
	title = {Location is a major barrier for transferring US fossil fuel employment to green jobs},
	author = {Lim, Junghyun and Aklin, {Michaël} and Frank, Morgan R.},
	year = {2023},
	month = {09},
	date = {2023-09-26},
	journal = {Nature Communications},
	pages = {5711},
	volume = {14},
	number = {1},
	doi = {10.1038/s41467-023-41133-9},
	url = {https://www.nature.com/articles/s41467-023-41133-9},
	note = {Number: 1
Publisher: Nature Publishing Group},
	langid = {en}
}

@misc{hendrickson2018,
	title = {Countering the geography of discontent: Strategies for left-behind places},
	author = {Hendrickson, Clara and Muro, Mark and Galston, William},
	year = {2018},
	month = {11},
	date = {2018-11},
	url = {https://www.brookings.edu/research/countering-the-geography-of-discontent-strategies-for-left-behind-places/}
}

@techreport{aklin2022,
	title = {Enable a just transition for American fossil fuel workers through federal action},
	author = {Aklin, Michael and Urpelainen, Johannes},
	url = {https://www.brookings.edu/articles/enable-a-just-transition-for-american-fossil-fuel-workers-through-federal-action/},
	langid = {canadian}
}

@article{bell2010,
	title = {Community economic identity: The coal industry and ideology construction in west virginia},
	author = {Bell, Shannon Elizabeth and York, Richard},
	year = {2010},
	date = {2010},
	journal = {Rural Sociology},
	pages = {111--143},
	volume = {75},
	number = {1},
	doi = {10.1111/J.1549-0831.2009.00004.X}
}

@article{lochery2022,
	title = {Situating extraction in capitalism: Blueprints, frontier projects, and life-making},
	author = {Lochery, Emma},
	year = {2022},
	month = {09},
	date = {2022-09-01},
	journal = {The Extractive Industries and Society},
	pages = {101137},
	volume = {11},
	doi = {10.1016/j.exis.2022.101137},
	url = {https://www.sciencedirect.com/science/article/pii/S2214790X22001010}
}

@book{rhodes2020,
	title = {Geographies of Post-Industrial Place, Memory, and Heritage},
	author = {Rhodes, Mark Alan and Price, William and Walker, Amy},
	year = {2020},
	month = {11},
	date = {2020-11-24},
	publisher = {Routledge},
	doi = {10.4324/9781003007494},
	note = {DOI: 10.4324/9781003007494},
	address = {London}
}

@misc{walker2021,
	title = {Biden{\textquoteright}s American Jobs Plan is smart climate policy. Here{\textquoteright}s why. | Environmental Defense Fund},
	author = {Walker, Derek},
	year = {2021},
	month = {05},
	date = {2021-05-06},
	url = {https://www.edf.org/blog/2021/05/06/bidens-american-jobs-plan-plan-smart-climate-policy-heres-why}
}

@article{autor2013,
	title = {The China Syndrome: Local Labor Market Effects of Import Competition in the United States},
	author = {Autor, David H. and Dorn, David and Hanson, Gordon H.},
	year = {2013},
	month = {10},
	date = {2013-10},
	journal = {American Economic Review},
	pages = {2121--68},
	volume = {103},
	number = {6},
	doi = {10.1257/AER.103.6.2121},
	url = {http://dx.doi.org/10.1257/aer.103.6.2121}
}

@article{broz2021,
	title = {Populism in Place: The Economic Geography of the Globalization Backlash},
	author = {Broz, J. Lawrence and Frieden, Jeffry and Weymouth, Stephen},
	year = {2021},
	month = {02},
	date = {2021-02},
	journal = {International Organization},
	pages = {464--494},
	volume = {75},
	number = {2},
	doi = {10.1017/S0020818320000314},
	url = {https://www.cambridge.org/core/journals/international-organization/article/populism-in-place-the-economic-geography-of-the-globalization-backlash/98ED873D925E0590CB9A78AEC68BB439},
	note = {Publisher: Cambridge University Press},
	langid = {en}
}

@article{farrefasani2018,
	title = {Feeling useless: the effect of unemployment on mental health in the Great Recession},
	author = {{Farré}, {Lídia} and Fasani, Francesco and Mueller, Hannes},
	year = {2018},
	month = {12},
	date = {2018-12},
	journal = {IZA Journal of Labor Economics},
	pages = {1--34},
	volume = {7},
	number = {1},
	doi = {10.1186/S40172-018-0068-5/FIGURES/6},
	url = {https://izajole.springeropen.com/articles/10.1186/s40172-018-0068-5},
	note = {Citation Key: farrefasani2018
Publisher: SpringerOpen}
}

@techreport{metcalf2019,
	title = {Abandoned by coal, swallowed by opioids?},
	author = {Metcalf, Gilbert E and Wang, Qitong},
	year = {2019},
	date = {2019},
	url = {http://www.nber.org/papers/w26551},
	note = {Publication Title: National Bureau of Economic Research},
	address = {Cambridge}
}

@article{young2023,
	title = {Mining, loss, and despair: Exploring energy transitions and opioid use in an Appalachian coal community},
	author = {Young, Travis and Baka, Jennifer and He, Zhongyang and Bhattacharyya, Sekhar and Lei, Zhen},
	year = {2023},
	month = {05},
	date = {2023-05-01},
	journal = {Energy Research & Social Science},
	pages = {103046},
	volume = {99},
	doi = {10.1016/j.erss.2023.103046},
	url = {https://www.sciencedirect.com/science/article/pii/S2214629623001068}
}

@article{rodríguez-pose2021,
	title = {Golfing with Trump. Social capital, decline, inequality, and the rise of populism in the US},
	author = {{Rodríguez-Pose}, {Andrés} and Lee, Neil and Lipp, Cornelius},
	year = {2021},
	month = {11},
	date = {2021-11-01},
	journal = {Cambridge Journal of Regions, Economy and Society},
	pages = {457--481},
	volume = {14},
	number = {3},
	doi = {10.1093/cjres/rsab026},
	url = {https://doi.org/10.1093/cjres/rsab026}
}

@techreport{mathews2010,
	title = {Access to Justice in the United States Findings from the Newly Released Rule of Law Index of the World Justice Project},
	author = {Mathews, Roderick and Botero, Juan Carlos},
	year = {2010},
	date = {2010}
}

@article{mclean2016,
	title = {{\textquotedblleft}There's nothing here{\textquotedblright}: Deindustrialization as risk environment for overdose},
	author = {McLean, Katherine},
	year = {2016},
	month = {03},
	date = {2016-03-01},
	journal = {International Journal of Drug Policy},
	pages = {19--26},
	volume = {29},
	doi = {10.1016/J.DRUGPO.2016.01.009},
	note = {Publisher: Elsevier}
}

@article{carley2018,
	title = {Adaptation, culture, and the energy transition in American coal country},
	author = {Carley, Sanya and Evans, Tom P. and Konisky, David M.},
	year = {2018},
	month = {03},
	date = {2018-03-01},
	journal = {Energy Research & Social Science},
	pages = {133--139},
	volume = {37},
	doi = {10.1016/J.ERSS.2017.10.007},
	note = {Publisher: Elsevier}
}

@article{bell2012,
	title = {Coal, Injustice, and Environmental Destruction: Introduction to the Special Issue on Coal and the Environment},
	author = {Bell, Shannon Elizabeth and York, Richard},
	year = {2012},
	month = {12},
	date = {2012-12-19},
	journal = {http://dx.doi.org/10.1177/1086026612468138},
	pages = {359--367},
	volume = {25},
	number = {4},
	doi = {10.1177/1086026612468138},
	url = {https://journals.sagepub.com/doi/full/10.1177/1086026612468138?casa_token=yHGImsVu7WMAAAAA%3AEgqbpsies9noLqAyTOYuUYeLm8_4vR1Vv_CToQ8C2pclyW0IWMOGQRUiNO8z6oaNxlx0xMTlY74},
	note = {Publisher: SAGE PublicationsSage CA: Los Angeles, CA}
}

@article{dewitte,
	title = {Economic Identities and The Historical Roots of Climate Change Denial},
	author = {Dewitte, Edgard},
	langid = {en}
}

@article{stewart2020,
	title = {Polarization under rising inequality and economic decline},
	author = {Stewart, Alexander J. and McCarty, Nolan and Bryson, Joanna J.},
	year = {2020},
	month = {12},
	date = {2020-12-11},
	journal = {Science Advances},
	pages = {eabd4201},
	volume = {6},
	number = {50},
	doi = {10.1126/sciadv.abd4201},
	url = {https://www.science.org/doi/10.1126/sciadv.abd4201},
	note = {Publisher: American Association for the Advancement of Science}
}

@techreport{raimi2022,
	title = {The Fiscal Implications of the US Transition Away from Fossil Fuels},
	author = {Raimi, Daniel and Grubert, Emily and Higdon, Jake and Metcalf, Gilbert and Pesek, Sophie and Singh, Devyani},
	year = {2022},
	date = {2022},
	url = {https://www.rff.org/publications/working-papers/the-fiscal-implications-of-the-us-transition-away-from-fossil-fuels/},
	langid = {canadian}
}

@article{chetty2016,
	title = {The Association Between Income and Life Expectancy in the United States, 2001{\textendash}2014: Association Between Income and Life Expectancy in the United States},
	author = {Chetty, Raj and Stepner, Michael and Abraham, Sarah and Lin, Shelby and Scuderi, Benjamin and Turner, Nicholas and Bergeron, Augustin and Cutler, David},
	year = {2016},
	month = {04},
	date = {2016-04-04},
	journal = {JAMA},
	pages = {1750},
	volume = {315},
	number = {16},
	doi = {10.1001/JAMA.2016.4226},
	url = {/pmc/articles/PMC4866586/},
	note = {PMID: 27063997
Publisher: NIH Public Access}
}

@article{logan2012,
	title = {The Geography of Inequality: Why Separate Means Unequal in American Public Schools},
	author = {Logan, John R. and Minca, Elisabeta and Adar, Sinem},
	year = {2012},
	month = {06},
	date = {2012-06-06},
	journal = {Sociology of education},
	pages = {287--301},
	volume = {85},
	number = {3},
	doi = {10.1177/0038040711431588},
	url = {/pmc/articles/PMC3832260/},
	note = {PMID: 24259754
Publisher: NIH Public Access}
}

@misc{semuels2016,
	title = {Why America's Public Schools Are So Unequal},
	author = {Semuels, Alana},
	year = {2016},
	month = {08},
	date = {2016-08-25},
	url = {https://www.theatlantic.com/business/archive/2016/08/property-taxes-and-unequal-schools/497333/}
}

@article{Avancena2021,
	title = {Income and income inequality are a matter of life and death. What can policymakers do about it?},
	author = {{Avanceña}, Anton L.V. and DeLuca, Ellen Kim and Iott, Bradley and Mauri, Amanda and Miller, Nicholas and Eisenberg, Daniel and Hutton, David W.},
	year = {2021},
	month = {08},
	date = {2021-08},
	journal = {American Journal of Public Health},
	pages = {1404--1408},
	volume = {111},
	number = {8},
	doi = {10.2105/AJPH.2021.306301},
	url = {https://ajph.aphapublications.org/doi/10.2105/AJPH.2021.306301},
	note = {Citation Key: Avancena2021
PMID: 34464177
Publisher: American Public Health Association Inc.}
}

@article{flavin2009,
	title = {Public Policies and Suicide Rates in the American States},
	author = {Flavin, Patrick and Radcliff, Benjamin and Flavin, P and Radcliff, {Á B} and Radcliff, B},
	year = {2009},
	date = {2009},
	journal = {Social Indicator Research},
	pages = {195--209},
	volume = {90},
	doi = {10.1007/s11205-008-9252-5}
}

@techreport{nationalcenterforeducationstatistics2023,
	title = {Public School Expenditures},
	author = {National Center for Education Statistics, },
	year = {2023},
	date = {2023},
	url = {https://nces.ed.gov/programs/coe/indicator/cmb}
}

@inbook{alfonso2020,
	title = {Introduction: The importance of early childhood development, education, and intervention},
	author = {Alfonso, Vincent C. and DuPaul, George J.},
	year = {2020},
	date = {2020},
	publisher = {American Psychological Association},
	pages = {3--10},
	doi = {10.1037/0000197-001},
	note = {DOI: 10.1037/0000197-001},
	address = {Washington, DC, US}
}

@article{ahlerup2020,
	title = {Gold Mining and Education: A Long-run Resource Curse in Africa?},
	author = {Ahlerup, Pelle and Baskaran, Thushyanthan and Bigsten, Arne},
	year = {2020},
	month = {09},
	date = {2020-09-01},
	journal = {The Journal of Development Studies},
	pages = {1745--1762},
	volume = {56},
	number = {9},
	doi = {10.1080/00220388.2019.1696959},
	url = {https://doi.org/10.1080/00220388.2019.1696959},
	note = {Publisher: Routledge
{\_}eprint: https://doi.org/10.1080/00220388.2019.1696959}
}

@article{badeeb2017,
	title = {The evolution of the natural resource curse thesis: A critical literature survey},
	author = {Badeeb, Ramez Abubakr and Lean, Hooi Hooi and Clark, Jeremy},
	year = {2017},
	month = {03},
	date = {2017-03-01},
	journal = {Resources Policy},
	pages = {123--134},
	volume = {51},
	doi = {10.1016/j.resourpol.2016.10.015},
	url = {https://www.sciencedirect.com/science/article/pii/S0301420716301507}
}

@article{blanco2012,
	title = {Natural resource dependence and the accumulation of physical and human capital in Latin America},
	author = {Blanco, Luisa and Grier, Robin},
	year = {2012},
	month = {09},
	date = {2012-09-01},
	journal = {Resources Policy},
	pages = {281--295},
	volume = {37},
	number = {3},
	doi = {10.1016/j.resourpol.2012.01.005},
	url = {https://www.sciencedirect.com/science/article/pii/S0301420712000062}
}

@article{borge2015,
	title = {Local natural resource curse?},
	author = {Borge, Lars-Erik and Parmer, Pernille and Torvik, Ragnar},
	year = {2015},
	month = {11},
	date = {2015-11-01},
	journal = {Journal of Public Economics},
	pages = {101--114},
	volume = {131},
	doi = {10.1016/j.jpubeco.2015.09.002},
	url = {https://www.sciencedirect.com/science/article/pii/S0047272715001504}
}

@article{brunnschweiler2008,
	title = {The resource curse revisited and revised: A tale of paradoxes and red herrings},
	author = {Brunnschweiler, Christa N. and Bulte, Erwin H.},
	year = {2008},
	month = {05},
	date = {2008-05-01},
	journal = {Journal of Environmental Economics and Management},
	pages = {248--264},
	volume = {55},
	number = {3},
	doi = {10.1016/j.jeem.2007.08.004},
	url = {https://www.sciencedirect.com/science/article/pii/S0095069608000193}
}

@article{cockx2014,
	title = {Extending the concept of the resource curse: Natural resources and public spending on health},
	author = {Cockx, Lara and Francken, Nathalie},
	year = {2014},
	month = {12},
	date = {2014-12-01},
	journal = {Ecological Economics},
	pages = {136--149},
	volume = {108},
	doi = {10.1016/j.ecolecon.2014.10.013},
	url = {https://www.sciencedirect.com/science/article/pii/S0921800914003231}
}

@article{cockx2016,
	title = {Natural resources: A curse on education spending?},
	author = {Cockx, Lara and Francken, Nathalie},
	year = {2016},
	month = {05},
	date = {2016-05-01},
	journal = {Energy Policy},
	pages = {394--408},
	volume = {92},
	doi = {10.1016/J.ENPOL.2016.02.027},
	note = {Publisher: Elsevier}
}

@article{deacon2011,
	title = {The Political Economy of the Natural Resource Curse: A Survey of Theory and Evidence},
	author = {Deacon, Robert T.},
	year = {2011},
	date = {2011},
	journal = {Foundations and Trends(R) in Microeconomics},
	pages = {111--208},
	volume = {7},
	number = {2},
	url = {https://ideas.repec.org//a/now/fntmic/0700000042.html},
	note = {Publisher: now publishers},
	langid = {en}
}

@article{dialga2022,
	title = {How do extractive resources affect human development? Evidence from a panel data analysis},
	author = {Dialga, Issaka and Ouoba, Youmanli},
	year = {2022},
	month = {03},
	date = {2022-03-01},
	journal = {Resources, Environment and Sustainability},
	pages = {100046},
	volume = {7},
	doi = {10.1016/j.resenv.2022.100046},
	url = {https://www.sciencedirect.com/science/article/pii/S2666916122000019}
}

@article{douglas2017,
	title = {COAL MINING AND THE RESOURCE CURSE IN THE EASTERN UNITED STATES},
	author = {Douglas, Stratford and Walker, Anne},
	year = {2017},
	month = {09},
	date = {2017-09-01},
	journal = {Journal of Regional Science},
	pages = {568--590},
	volume = {57},
	number = {4},
	doi = {10.1111/jors.12310},
	note = {Publisher: Blackwell Publishing Inc.}
}

@article{haber,
	title = {The Rise and Fall of the Resource Curse},
	author = {Haber, Stephen},
	doi = {10.2139/ssrn.4558080},
	langid = {en}
}

@book{menaldo2016,
	title = {The Institutions Curse: Natural Resources, Politics, and Development},
	author = {Menaldo, Victor},
	year = {2016},
	date = {2016},
	publisher = {Cambridge University Press},
	series = {Business and Public Policy},
	doi = {10.1017/CBO9781316481530},
	url = {https://www.cambridge.org/core/books/institutions-curse/36F776889C86BD36D6FAC713D8CC1422},
	note = {DOI: 10.1017/CBO9781316481530},
	address = {Cambridge}
}

@inbook{ross2018,
	title = {The Politics of the Resource Curse: A Review},
	author = {Ross, Michael L.},
	editor = {Lancaster, Carol and van de Walle, Nicolas},
	year = {2018},
	month = {07},
	date = {2018-07-26},
	publisher = {Oxford University Press},
	doi = {10.1093/oxfordhb/9780199845156.013.42},
	url = {https://doi.org/10.1093/oxfordhb/9780199845156.013.42},
	note = {DOI: 10.1093/oxfordhb/9780199845156.013.42}
}

@article{ross2015,
	title = {What Have We Learned about the Resource Curse?},
	author = {Ross, Michael L.},
	year = {2015},
	date = {2015},
	journal = {Annual Review of Political Science},
	pages = {239--259},
	volume = {18},
	number = {1},
	doi = {10.1146/annurev-polisci-052213-040359},
	url = {https://doi.org/10.1146/annurev-polisci-052213-040359},
	note = {{\_}eprint: https://doi.org/10.1146/annurev-polisci-052213-040359}
}

@article{sincovich2018,
	title = {The social impacts of mining on local communities in Australia},
	author = {Sincovich, Alanna and Gregory, Tess and Wilson, Ashleigh and Brinkman, Sally},
	year = {2018},
	month = {01},
	date = {2018-01-02},
	journal = {Rural Society},
	pages = {18--34},
	volume = {27},
	number = {1},
	doi = {10.1080/10371656.2018.1443725},
	url = {https://doi.org/10.1080/10371656.2018.1443725},
	note = {Publisher: Routledge
{\_}eprint: https://doi.org/10.1080/10371656.2018.1443725}
}

@article{wiens2014,
	title = {The Political Resource Curse: An Empirical Re-evaluation},
	author = {Wiens, David and Poast, Paul and Clark, William Roberts},
	year = {2014},
	month = {12},
	date = {2014-12-01},
	journal = {Political Research Quarterly},
	pages = {783--794},
	volume = {67},
	number = {4},
	doi = {10.1177/1065912914543836},
	url = {https://doi.org/10.1177/1065912914543836},
	note = {Publisher: SAGE Publications Inc},
	langid = {en}
}

@article{pierson,
	title = {The Government Finance Database: A Common Resource for Quantitative Research in Public Financial Analysis | PLOS ONE},
	author = {Pierson, Kawika and Hand, Michael and Thompson, Fred},
	journal = {PLoS ONE},
	doi = {10.1371/journal.pone.0130119},
	url = {https://journals.plos.org/plosone/article?id=10.1371/journal.pone.0130119}
}

@article{ferri2022,
	title = {Novel Shift-Share Instruments and Their Applications},
	author = {Ferri, Benjamin},
	year = {2022},
	month = {09},
	date = {2022-09-27},
	journal = {Boston College Working Papers in Economics},
	series = {Boston College Working Papers in Economics},
	url = {https://ideas.repec.org//p/boc/bocoec/1053.html},
	note = {Number: 1053
Publisher: Boston College Department of Economics},
	langid = {en}
}

@article{goldsmith-pinkham2020,
	title = {Bartik Instruments: What, When, Why, and How},
	author = {Goldsmith-Pinkham, Paul and Sorkin, Isaac and Swift, Henry},
	year = {2020},
	month = {08},
	date = {2020-08},
	journal = {American Economic Review},
	pages = {2586--2624},
	volume = {110},
	number = {8},
	doi = {10.1257/aer.20181047},
	url = {https://www.aeaweb.org/articles?id=10.1257/aer.20181047},
	langid = {en}
}

@book{bartik1991,
	title = {Who Benefits from State and Local Economic Development Policies?},
	author = {Bartik, Timothy J.},
	year = {1991},
	date = {1991},
	publisher = {W.E. Upjohn Institute},
	url = {https://www.jstor.org/stable/j.ctvh4zh1q}
}

@article{scheer2022,
	title = {Whose jobs face transition risk in Alberta? Understanding sectoral employment precarity in an oil-rich Canadian province},
	author = {Scheer, Antonina and Schwarz, Moritz and Hopkins, Debbie and Caldecott, Ben},
	year = {2022},
	month = {07},
	date = {2022-07-13},
	journal = {https://doi.org/10.1080/14693062.2022.2086843},
	pages = {1--17},
	doi = {10.1080/14693062.2022.2086843},
	url = {https://www.tandfonline.com/doi/abs/10.1080/14693062.2022.2086843},
	note = {Publisher: Taylor & Francis}
}

@article{tregenna2009,
	title = {Characterising deindustrialisation: An analysis of changes in manufacturing employment and output internationally},
	author = {Tregenna, Fiona},
	year = {2009},
	month = {05},
	date = {2009-05-01},
	journal = {Cambridge Journal of Economics},
	pages = {433--466},
	volume = {33},
	number = {3},
	doi = {10.1093/cje/ben032},
	url = {https://doi.org/10.1093/cje/ben032}
}

@inproceedings{tregenna2020,
	title = {Deindustrialisation reconsidered: Structural shifts and sectoral heterogeneity},
	author = {Tregenna, Fiona and Andreoni, Antonio},
	year = {2020},
	month = {07},
	date = {2020-07-15},
	series = {Working Paper Series (IIPP WP 2020-06)},
	url = {https://www.ucl.ac.uk/bartlett/public-purpose/publications/2020/jul/deindustrialisation-reconsidered-structural-shifts-and-sectoral-heterogeneity},
	langid = {en}
}

@article{esposito2021,
	title = {The European coal curse},
	author = {Esposito, Elena and Abramson, Scott F.},
	year = {2021},
	month = {03},
	date = {2021-03-01},
	journal = {Journal of Economic Growth},
	pages = {77--112},
	volume = {26},
	number = {1},
	doi = {10.1007/s10887-021-09187-w},
	url = {https://doi.org/10.1007/s10887-021-09187-w},
	langid = {en}
}

@article{chen2022,
	title = {Coal consumption and economic growth: A Chinese city-level study},
	author = {Chen, Hanyi and Liu, Kui and Shi, Tie and Wang, Linfeng},
	year = {2022},
	month = {05},
	date = {2022-05-01},
	journal = {Energy Economics},
	pages = {105940},
	volume = {109},
	doi = {10.1016/j.eneco.2022.105940},
	url = {https://www.sciencedirect.com/science/article/pii/S0140988322001177}
}

@article{feler2017,
	title = {Trade Shocks and the Provision of Local Public Goods},
	author = {Feler, Leo and Senses, Mine Z.},
	year = {2017},
	month = {11},
	date = {2017-11},
	journal = {American Economic Journal: Economic Policy},
	pages = {101--143},
	volume = {9},
	number = {4},
	doi = {10.1257/pol.20150578},
	url = {https://www.aeaweb.org/articles?id=10.1257/pol.20150578},
	langid = {en}
}

@article{baccini2021,
	title = {Gone For Good: Deindustrialization, White Voter Backlash, and US Presidential Voting},
	author = {Baccini, Leonardo and Weymouth, Stephen},
	year = {2021},
	date = {2021},
	journal = {American Political Science Review},
	pages = {550--567},
	volume = {115},
	number = {2},
	url = {https://ideas.repec.org//a/cup/apsrev/v115y2021i2p550-567_14.html},
	note = {Publisher: Cambridge University Press},
	langid = {en}
}

@article{carpenterWhenUseCommuting2022,
	title = {When to use commuting zones? An empirical description of spatial autocorrelation in U.S. counties versus commuting zones},
	author = {Carpenter, Craig Wesley and Lotspeich-Yadao, Michael C. and Tolbert, Charles M.},
	year = {2022},
	month = {07},
	date = {2022-07-13},
	journal = {PLOS ONE},
	pages = {e0270303},
	volume = {17},
	number = {7},
	doi = {10.1371/journal.pone.0270303},
	url = {https://journals.plos.org/plosone/article?id=10.1371/journal.pone.0270303},
	note = {Publisher: Public Library of Science},
	langid = {en}
}

@article{boustanEffectRisingIncome2013,
	title = {The Effect of Rising Income Inequality on Taxation and Public Expenditures: Evidence from U.s. Municipalities and School Districts, 1970-2000},
	author = {Boustan, Leah and Ferreira, Fernando and Winkler, Hernan and Zolt, Eric M.},
	year = {2013},
	date = {2013},
	journal = {The Review of Economics and Statistics},
	pages = {1291--1302},
	volume = {95},
	number = {4},
	url = {https://www.jstor.org/stable/43554828},
	note = {Publisher: The MIT Press}
}
